@article{DBLP:journals/corr/SelvarajuDVCPB16,
	author    = {Ramprasaath R. Selvaraju and
	            Abhishek Das and
	            Ramakrishna Vedantam and
	            Michael Cogswell and
	            Devi Parikh and
	            Dhruv Batra},
	title     = {Grad-CAM: Why did you say that? Visual Explanations from Deep Networks
	            via Gradient-based Localization},
	journal   = {CoRR},
	volume    = {abs/1610.02391},
	year      = {2016},
	url       = {http://arxiv.org/abs/1610.02391},
	archivePrefix = {arXiv},
	eprint    = {1610.02391},
	timestamp = {Wed, 07 Jun 2017 14:41:27 +0200},
	biburl    = {http://dblp.org/rec/bib/journals/corr/SelvarajuDVCPB16},
	bibsource = {dblp computer science bibliography, http://dblp.org}
}