@article{DBLP:journals/corr/Kim14f,
  author    = {Yoon Kim},
  title     = {Convolutional Neural Networks for Sentence Classification},
  journal   = {CoRR},
  volume    = {abs/1408.5882},
  year      = {2014},
  url       = {http://arxiv.org/abs/1408.5882},
  archivePrefix = {arXiv},
  eprint    = {1408.5882},
  timestamp = {Wed, 07 Jun 2017 14:40:07 +0200},
  biburl    = {https://dblp.org/rec/bib/journals/corr/Kim14f},
  bibsource = {dblp computer science bibliography, https://dblp.org}
}

@article{DBLP:journals/corr/Wang17j,
	author    = {William Yang Wang},
	title     = {"Liar, Liar Pants on Fire": {A} New Benchmark Dataset for Fake News
	Detection},
	journal   = {CoRR},
	volume    = {abs/1705.00648},
	year      = {2017},
	url       = {http://arxiv.org/abs/1705.00648},
	archivePrefix = {arXiv},
	eprint    = {1705.00648},
	timestamp = {Wed, 07 Jun 2017 14:41:35 +0200},
	biburl    = {https://dblp.org/rec/bib/journals/corr/Wang17j},
	bibsource = {dblp computer science bibliography, https://dblp.org}
}